@article{gunawardana2005convergence,
	title={Convergence Theorems for Generalized Alternating Minimization Procedures.},
	author={Gunawardana, Asela and Byrne, William and Jordan, Michael I},
	journal={Journal of machine learning research},
	volume={6},
	number={12},
	year={2005}
}

@article{roche2011algorithm,
	title={EM algorithm and variants: An informal tutorial},
	author={Roche, Alexis},
	journal={arXiv preprint arXiv:1105.1476},
	year={2011}
}
